<?xml version="1.0" encoding="UTF-8"?>
<collection xmlns:xsi="http://www.w3.org/2001/XMLSchema-instance" xsi:schemaLocation="http://www.loc.gov/MARC21/slim http://www.loc.gov/standards/marcxml/schema/MARC21slim.xsd" xmlns="http://www.loc.gov/MARC21/slim">
<record>
  <leader>02452cam a2200529 a 4500</leader>
  <controlfield tag="001">5280707</controlfield>
  <controlfield tag="003">NNC</controlfield>
  <controlfield tag="005">20160118124329.0</controlfield>
  <controlfield tag="008">960420s1967    ir       d    001 0 perrd</controlfield>
  <datafield tag="010" ind1=" " ind2=" ">
    <subfield code="a">  2006456580</subfield>
  </datafield>
  <datafield tag="019" ind1=" " ind2=" ">
    <subfield code="a">34604946</subfield>
  </datafield>
  <datafield tag="035" ind1=" " ind2=" ">
    <subfield code="a">(NNC)5280707</subfield>
  </datafield>
  <datafield tag="035" ind1=" " ind2=" ">
    <subfield code="a">(OCoLC)ocm70860638</subfield>
  </datafield>
  <datafield tag="035" ind1=" " ind2=" ">
    <subfield code="a">(OCoLC)70860638</subfield>
    <subfield code="z">(OCoLC)34604946</subfield>
  </datafield>
  <datafield tag="040" ind1=" " ind2=" ">
    <subfield code="a">LOA</subfield>
    <subfield code="b">eng</subfield>
    <subfield code="c">LOA</subfield>
    <subfield code="d">DLC</subfield>
    <subfield code="d">OCLCG</subfield>
    <subfield code="d">OCLCA</subfield>
    <subfield code="d">OCLCF</subfield>
    <subfield code="d">OCLCO</subfield>
    <subfield code="d">OCLCQ</subfield>
    <subfield code="d">ZCU</subfield>
  </datafield>
  <datafield tag="041" ind1="0" ind2=" ">
    <subfield code="a">ara</subfield>
    <subfield code="a">per</subfield>
  </datafield>
  <datafield tag="042" ind1=" " ind2=" ">
    <subfield code="a">lccopycat</subfield>
  </datafield>
  <datafield tag="050" ind1="0" ind2="0">
    <subfield code="a">PJ6636.P4</subfield>
    <subfield code="b">N38 1967</subfield>
  </datafield>
  <datafield tag="100" ind1="1" ind2=" ">
    <subfield code="6">880-01</subfield>
    <subfield code="a">Naṭanzī, Ḥusayn ibn Ibrāhīm,</subfield>
    <subfield code="d">-approximately 1106.</subfield>
  </datafield>
  <datafield tag="245" ind1="1" ind2="3">
    <subfield code="6">880-02</subfield>
    <subfield code="a">al-Mirqāh /</subfield>
    <subfield code="c">mansūb bih Badīʻ al-Zamān Adīb Naṭanzī ; muqābilah va taṣḥīḥ-i Jaʻfar Sajjādī.</subfield>
  </datafield>
  <datafield tag="246" ind1="3" ind2=" ">
    <subfield code="6">880-03</subfield>
    <subfield code="a">Mirqat</subfield>
  </datafield>
  <datafield tag="260" ind1=" " ind2=" ">
    <subfield code="6">880-04</subfield>
    <subfield code="a">[Tehran] :</subfield>
    <subfield code="b">Intishārāt-i Bunyād-i Farhang-i Īrān,</subfield>
    <subfield code="c">1346 [1967]</subfield>
  </datafield>
  <datafield tag="300" ind1=" " ind2=" ">
    <subfield code="a">14, 351 pages ;</subfield>
    <subfield code="c">25 cm.</subfield>
  </datafield>
  <datafield tag="336" ind1=" " ind2=" ">
    <subfield code="a">text</subfield>
    <subfield code="b">txt</subfield>
    <subfield code="2">rdacontent</subfield>
  </datafield>
  <datafield tag="337" ind1=" " ind2=" ">
    <subfield code="a">unmediated</subfield>
    <subfield code="b">n</subfield>
    <subfield code="2">rdamedia</subfield>
  </datafield>
  <datafield tag="338" ind1=" " ind2=" ">
    <subfield code="a">volume</subfield>
    <subfield code="b">nc</subfield>
    <subfield code="2">rdacarrier</subfield>
  </datafield>
  <datafield tag="490" ind1="1" ind2=" ">
    <subfield code="6">880-05</subfield>
    <subfield code="a">Farhanghā-yi Tāzī bih Pārsī ;</subfield>
    <subfield code="v">2</subfield>
  </datafield>
  <datafield tag="490" ind1="1" ind2=" ">
    <subfield code="6">880-06</subfield>
    <subfield code="a">Intishārāt-i Bunyād-i Farhang-i Īrān ;</subfield>
    <subfield code="v">20</subfield>
  </datafield>
  <datafield tag="500" ind1=" " ind2=" ">
    <subfield code="a">Includes indexes.</subfield>
  </datafield>
  <datafield tag="650" ind1=" " ind2="0">
    <subfield code="a">Arabic language</subfield>
    <subfield code="v">Dictionaries</subfield>
    <subfield code="x">Persian.</subfield>
  </datafield>
  <datafield tag="650" ind1=" " ind2="0">
    <subfield code="a">Arabic language</subfield>
    <subfield code="v">Glossaries, vocabularies, etc.</subfield>
  </datafield>
  <datafield tag="650" ind1=" " ind2="7">
    <subfield code="a">Arabic language.</subfield>
    <subfield code="2">fast</subfield>
    <subfield code="0">(OCoLC)fst00812287</subfield>
  </datafield>
  <datafield tag="655" ind1=" " ind2="7">
    <subfield code="a">Dictionaries.</subfield>
    <subfield code="2">fast</subfield>
    <subfield code="0">(OCoLC)fst01423826</subfield>
  </datafield>
  <datafield tag="655" ind1=" " ind2="7">
    <subfield code="a">Glossaries, vocabularies, etc.</subfield>
    <subfield code="2">fast</subfield>
    <subfield code="0">(OCoLC)fst01423786</subfield>
  </datafield>
  <datafield tag="700" ind1="1" ind2=" ">
    <subfield code="6">880-07</subfield>
    <subfield code="a">Sajjādī, Jaʻfar.</subfield>
  </datafield>
  <datafield tag="830" ind1=" " ind2="0">
    <subfield code="6">880-08</subfield>
    <subfield code="a">Farhanghā-yi Tāzī bih Pārsī ;</subfield>
    <subfield code="v">2.</subfield>
  </datafield>
  <datafield tag="830" ind1=" " ind2="0">
    <subfield code="6">880-09</subfield>
    <subfield code="a">Intishārāt-i Bunyād-i Farhang-i Īrān ;</subfield>
    <subfield code="v">20.</subfield>
  </datafield>
  <datafield tag="880" ind1="1" ind2=" ">
    <subfield code="6">100-01/r</subfield>
    <subfield code="a">نطنزى، حسين ابن ابراهيم,</subfield>
    <subfield code="d">-approximately 1106.</subfield>
  </datafield>
  <datafield tag="880" ind1="1" ind2="3">
    <subfield code="6">245-02/r</subfield>
    <subfield code="a">المرقاة /</subfield>
    <subfield code="c">منسوب به بديع الزمان اديب نطنزى ؛ مقابله و تصحيح جعفر سجادى.</subfield>
  </datafield>
  <datafield tag="880" ind1="3" ind2=" ">
    <subfield code="6">246-03/r</subfield>
    <subfield code="a">مرقاة</subfield>
  </datafield>
  <datafield tag="880" ind1=" " ind2=" ">
    <subfield code="6">260-04/r</subfield>
    <subfield code="a">[Tehran] :</subfield>
    <subfield code="b">انتشارات بنياد فرهنگ ايران،</subfield>
    <subfield code="c">1346 [1967].</subfield>
  </datafield>
  <datafield tag="880" ind1="1" ind2=" ">
    <subfield code="6">490-05/r</subfield>
    <subfield code="a">فرهنگهاى تازى به پارسى ؛</subfield>
    <subfield code="v">2</subfield>
  </datafield>
  <datafield tag="880" ind1="1" ind2=" ">
    <subfield code="6">490-06/r</subfield>
    <subfield code="a">انتشارات بنياد فرهنگ ايران ؛</subfield>
    <subfield code="v">20</subfield>
  </datafield>
  <datafield tag="880" ind1="1" ind2=" ">
    <subfield code="6">700-07/r</subfield>
    <subfield code="a">سجادى، جعفر.</subfield>
  </datafield>
  <datafield tag="880" ind1=" " ind2="0">
    <subfield code="6">830-08/r</subfield>
    <subfield code="a">فرهنگهاى تازى به پارسى ؛ ;</subfield>
    <subfield code="v">2.</subfield>
  </datafield>
  <datafield tag="880" ind1=" " ind2="0">
    <subfield code="6">830-09/r</subfield>
    <subfield code="a">انتشارات بنياد فرهنگ ايران ؛ ;</subfield>
    <subfield code="v">20.</subfield>
  </datafield>
  <datafield tag="955" ind1=" " ind2=" ">
    <subfield code="b">0036762210</subfield>
    <subfield code="d">glx</subfield>
    <subfield code="e">PK6428 .B8 no.20</subfield>
  </datafield>
</record>
</collection>